@book{WilsonMark2005,
publisher = {Lawrence Erlbaum Associates},
isbn = {0805847855},
year = {2005},
title = {Constructing measures : an item response modeling approach},
language = {eng},
address = {Mahwah, NJ},
author = {Wilson, Mark},
keywords = {Psychometrics; Psychology -- Research -- Methodology},
lccn = {2004049712},
}

@book{BondTrevor,
publisher = {L. Erlbaum},
isbn = {0805834761},
year = {2015},
title = {Applying the Rasch model : fundamental measurement in the human sciences},
language = {eng},
address = {Mahwah, N.J.},
author = {Bond, Trevor G and Fox, Christine},
keywords = {Psychology -- Statistical methods; Social sciences -- Statistical methods; Psychology -- Research -- Methodology; Social sciences -- Research -- Methodology},
lccn = {00061704},
}

